@article{CdM,
  title={``Conti correnti svuotati con un clic, allarme in Puglia: è la quinta regione in Italia. E in tanti si ritrovano indebitati senza saperlo"},
  author={Franco Lella},
  journal={Corriere del Mezzogiorno},
  year={2024/09/01},
  url = {https://bari.corriere.it/notizie/cronaca/24_settembre_01/conti-correnti-svuotati-con-un-clic-allarme-in-puglia-e-la-quinta-regione-in-italia-in-tanti-si-ritrovano-indebitati-66eb1381-4012-41ef-81d3-ec118796fxlk.shtml?appunica=true&app_v2=true}
}

@article{Consob,
  title={``Truffe e abusivismi - Educazione finanziaria"},
  author={CONSOB},
  journal={Autorità italiana per la vigilanza dei mercati finanziari},
  url = {https://www.consob.it/web/investor-education/truffe}
}

@article{BdI,
    title = {Banca d'Italia - Eurosistema},
    author={Antonietta di Salvatore and Francesco Franceschi and Andrea Neri and Francesca Zanichelli},
    year={2018/06/15},
    url = {https://www.bancaditalia.it/pubblicazioni/qef/2018-0435/index.html?com.dotmarketing.htmlpage.language=1}
}

@article{BioData,
    title = {``Ten quick tips for machine learning in computational biology"},
    author={Davide Chicco},
    year={2017},
    url = {https://link.springer.com/article/10.1186/s13040-017-0155-3}
}

@article{BMC,
    title = {``The advantages of the Matthews correlation coefficient (MCC) over F1 score and accuracy in binary classification evaluation"},
    author={Davide Chicco and Giuseppe Jurman},
    year={2020},
    url = {https://link.springer.com/article/10.1186/s12864-019-6413-7}
}

@article{Linda,
    title = {``Thinking, fast and slow"},
    author={Daniel Kahneman},
    year={2011},
    url = {https://archive.org/details/thinkingfastslow0000kahn_b1q8/mode/2up}
}